<?xml version="1.0" encoding="UTF-8"?><record xmlns="http://www.loc.gov/MARC21/slim" xmlns:cinclude="http://apache.org/cocoon/include/1.0" xmlns:zs="http://www.loc.gov/zing/srw/">
  <leader>00728nz  a2200205n  4500</leader>
  <controlfield tag="001">no2007032816</controlfield>
  <controlfield tag="003">DLC</controlfield>
  <controlfield tag="005">20070328075306.0</controlfield>
  <controlfield tag="008">070326n| acaaaaaan          |a ana     c</controlfield>
  <datafield tag="010" ind1=" " ind2=" ">
    <subfield code="a">no2007032816</subfield>
  </datafield>
  <datafield tag="035" ind1=" " ind2=" ">
    <subfield code="a">(OCoLC)oca07365060</subfield>
  </datafield>
  <datafield tag="040" ind1=" " ind2=" ">
    <subfield code="a">NbU</subfield>
    <subfield code="b">eng</subfield>
    <subfield code="c">NbU</subfield>
  </datafield>
  <datafield tag="130" ind1=" " ind2="0">
    <subfield code="a">Publications of the Benjamin Franklin Bibliophile Society</subfield>
  </datafield>
  <datafield tag="410" ind1="2" ind2=" ">
    <subfield code="a">Benjamin Franklin Bibliophile Society.</subfield>
    <subfield code="t">Publications of the Benjamin Franklin Bibliophile Society</subfield>
  </datafield>
  <datafield tag="642" ind1=" " ind2=" ">
    <subfield code="a">v. 2</subfield>
    <subfield code="5">DPCC</subfield>
    <subfield code="5">NbU</subfield>
  </datafield>
  <datafield tag="643" ind1=" " ind2=" ">
    <subfield code="a">Cleveland, New York</subfield>
    <subfield code="b">Benjamin Franklin bibliophile Society</subfield>
  </datafield>
  <datafield tag="644" ind1=" " ind2=" ">
    <subfield code="a">f</subfield>
    <subfield code="5">NbU</subfield>
  </datafield>
  <datafield tag="645" ind1=" " ind2=" ">
    <subfield code="a">t</subfield>
    <subfield code="5">DPCC</subfield>
    <subfield code="5">NbU</subfield>
  </datafield>
  <datafield tag="646" ind1=" " ind2=" ">
    <subfield code="a">s</subfield>
    <subfield code="5">NbU</subfield>
  </datafield>
  <datafield tag="670" ind1=" " ind2=" ">
    <subfield code="a">A history of Hungary, 1941:</subfield>
    <subfield code="b">ser. t.p. (Publications of the Benjamin Franklin Bibliophile Society)</subfield>
  </datafield>
</record>